

@misc{lipsett1960political,
	title={Political man},
	author={Lipsett, Seymour M},
	year={1960},
	publisher={London: Heinemann}
}

